
@misc{beheim2023distance,
 title={Cultural distance can promote - or impede - group-beneficial outcomes across a spectrum of behavioral interactions},
 url={osf.io/preprints/psyarxiv/m3vgj},
 DOI={10.31234/osf.io/m3vgj},
 publisher={PsyArXiv},
 author={Beheim, Bret and Bell, Adrian V},
 year={2023}
}

@article{holsinger2009genetics,
  title = {Genetics in geographically structured populations: defining, estimating and interpreting {FST}},
  volume = {10},
  doi = {10.1038/nrg2611},
  number = {9},
  journal = {Nature Reviews Genetics},
  author = {Holsinger, Kent E. and Weir, Bruce S.},
  year = {2009},
  pages = {639--650},
}